@ARTICLE{RabinKarpSearch,
  author={R. M. {Karp} and M. O. {Rabin}},
  journal={IBM Journal of Research and Development},
  title={Efficient randomized pattern-matching algorithms},
  year={1987},
  volume={31},
  number={2},
  pages={249-260},
  doi={10.1147/rd.312.0249}
}

@techreport{RabinFingerprinting,
  author = {Rabin, Michael O.},
  title = {Fingerprinting by Random Polynomials},
  institution = {Center for Research in Computing Technology, Harvard 
                 University},
  number = {TR-CSE-03-01},
  year = {1981},
}

@ARTICLE{GalilRule,
  author={Z. {Galil}},
  title={On improving the worst case running time of the Boyer–Moore string matching algorithm},
  year={1979},
  doi={10.1145/359146.359148}
}

@ARTICLE{BoyerMoore,
  author={R. S. {Boyer}  and J. S. {Moore}},
  title={A Fast String Searching Algorithm},
  year={1977},
  doi={10.1145/359842.359859}
}

@ARTICLE{ApostolicoGiancarlo,
  author={A. {Apostolico} and R. {Giancarlo}},
  title={The Boyer–Moore–Galil String Searching Strategies Revisited},
  year={1986},
  doi={10.1137/0215007}
}

@book{Sedgewick,
  author={R. {Sedgewick} and K. {Wayne}},
  title={Algorithms, fourth edition},
  year={2011},
  publisher={Pearson Education},
  pages={770-773}
}
